<record xmlns="http://www.loc.gov/MARC21/slim" xmlns:xsi="http://www.w3.org/2001/XMLSchema-instance" xsi:schemaLocation="http://www.loc.gov/MARC21/slim http://www.loc.gov/standards/marcxml/schema/MARC21slim.xsd">

  <leader>00817nam a2200169Ia 4500</leader>
  <datafield ind1=" " tag="090" ind2=" ">
    <subfield code="a">CD #159</subfield>
  </datafield>
  <datafield ind1=" " ind2=" " tag="110">
    <subfield code="a">Costa Rica. Ministerio de Educación Pública. Dirección de Desarrollo Curricular.</subfield>
  </datafield>
  <datafield tag="245" ind2=" " ind1=" ">
    <subfield code="a">Ventanas en el mundo infantil, un encuentro con la niñez (Disco Compacto) / Costa Rica. Ministerio de Educación Pública. Dirección de Desarrollo Curricular.</subfield>
  </datafield>
  <datafield ind2=" " tag="260" ind1=" ">
    <subfield code="a">San José, Costa Rica :</subfield>
    <subfield code="b"> M.E.P, </subfield>
    <subfield code="c">2007</subfield>
  </datafield>
  <datafield ind1=" " ind2=" " tag="300">
    <subfield code="a">Disco Compacto</subfield>
  </datafield>
  <datafield tag="500" ind2=" " ind1=" ">
    <subfield code="a">Contiene: Rimas, poesías, canciones y cuentos infantiles, adivinanzas y trabalenguas\También  los siguientes videos: El diamante y la estrella, Conociendo a mi familia, Hablo, camino y juego, Me gusta mi nombre, Soy más independiente,  </subfield>
  </datafield>
  <datafield tag="650" ind2=" " ind1=" ">
    <subfield code="a">LITERATURA</subfield>
  </datafield>
  <datafield tag="650" ind2=" " ind1=" ">
    <subfield code="a">MUSICA</subfield>
  </datafield>
  <datafield ind1=" " ind2=" " tag="650">
    <subfield code="a">NIÑOS</subfield>
  </datafield>
  <datafield ind2=" " tag="942" ind1=" ">
    <subfield code="p">003460 </subfield>
  </datafield>
  <datafield tag="942" ind2=" " ind1=" ">
    <subfield code="p">003461</subfield>
  </datafield>
  <datafield ind1=" " tag="999" ind2=" ">
    <subfield code="c">2448</subfield>
    <subfield code="d">2448</subfield>
  </datafield>
</record>